% Encoding: UTF-8

@InProceedings{budhiraja2018differential,
  author       = {Budhiraja, Rohan and Carpentier, Justin and Mastalli, Carlos and Mansard, Nicolas},
  booktitle    = {2018 IEEE-RAS 18th International Conference on Humanoid Robots (Humanoids)},
  title        = {Differential dynamic programming for multi-phase rigid contact dynamics},
  year         = {2018},
  organization = {IEEE},
  pages        = {1--9},
}

@InProceedings{tassa2014control,
  author       = {Tassa, Yuval and Mansard, Nicolas and Todorov, Emo},
  booktitle    = {2014 IEEE International Conference on Robotics and Automation (ICRA)},
  title        = {Control-limited differential dynamic programming},
  year         = {2014},
  organization = {IEEE},
  pages        = {1168--1175},
}

@InProceedings{giraud2020motion,
  author = {Giraud, Kevin and Fernbach, Pierre and Buondonno, Gabriele and Mastalli, Carlos and Stasse, Olivier and others},
  title  = {Motion Planning with Multi-Contact and Visual Servoing on Humanoid Robots},
  year   = {2020},
}

@Article{mastalli2019crocoddyl,
  author  = {Mastalli, Carlos and Budhiraja, Rohan and Merkt, Wolfgang and Saurel, Guilhem and Hammoud, Bilal and Naveau, Maximilien and Carpentier, Justin and Vijayakumar, Sethu and Mansard, Nicolas},
  journal = {arXiv preprint arXiv:1909.04947},
  title   = {Crocoddyl: An Efficient and Versatile Framework for Multi-Contact Optimal Control},
  year    = {2019},
}

@InProceedings{carpentier2019pinocchio,
  author       = {Carpentier, Justin and Saurel, Guilhem and Buondonno, Gabriele and Mirabel, Joseph and Lamiraux, Florent and Stasse, Olivier and Mansard, Nicolas},
  booktitle    = {2019 IEEE/SICE International Symposium on System Integration (SII)},
  title        = {The Pinocchio C++ library: A fast and flexible implementation of rigid body dynamics algorithms and their analytical derivatives},
  year         = {2019},
  organization = {IEEE},
  pages        = {614--619},
}

@Article{mayne1966,
  author    = {David Mayne},
  journal   = {International Journal of Control},
  title     = {A Second-order Gradient Method for Determining Optimal Trajectories of Non-linear Discrete-time Systems},
  year      = {1966},
  month     = {jan},
  number    = {1},
  pages     = {85--95},
  volume    = {3},
  doi       = {10.1080/00207176608921369},
  publisher = {Informa {UK} Limited},
}

@InProceedings{erez2013integrated,
  author       = {Erez, Tom and Lowrey, Kendall and Tassa, Yuval and Kumar, Vikash and Kolev, Svetoslav and Todorov, Emanuel},
  booktitle    = {2013 13th IEEE-RAS International conference on humanoid robots (Humanoids)},
  title        = {An integrated system for real-time model predictive control of humanoid robots},
  year         = {2013},
  organization = {IEEE},
  pages        = {292--299},
}

@InProceedings{xie2017differential,
  author       = {Xie, Zhaoming and Liu, C Karen and Hauser, Kris},
  booktitle    = {2017 IEEE International Conference on Robotics and Automation (ICRA)},
  title        = {Differential dynamic programming with nonlinear constraints},
  year         = {2017},
  organization = {IEEE},
  pages        = {695--702},
}

@Article{peters2017konstruktion,
  author  = {Peters, H and Kampmann, P and Simnofske, M},
  journal = {Proceedings of the 2. VDI Fachkonferenz Humanoide Roboter, VDI Fachkonferenz Humanoide Roboter},
  title   = {Konstruktion eines zweibeinigen humanoiden Roboters},
  year    = {2017},
}

@Article{bellman1966dynamic,
  author    = {Bellman, Richard},
  journal   = {Science},
  title     = {Dynamic programming},
  year      = {1966},
  number    = {3731},
  pages     = {34--37},
  volume    = {153},
  publisher = {American Association for the Advancement of Science},
}

@InProceedings{tassa2012synthesis,
  author       = {Tassa, Yuval and Erez, Tom and Todorov, Emanuel},
  booktitle    = {2012 IEEE/RSJ International Conference on Intelligent Robots and Systems},
  title        = {Synthesis and stabilization of complex behaviors through online trajectory optimization},
  year         = {2012},
  organization = {IEEE},
  pages        = {4906--4913},
}

@Book{kirk2004optimal,
  author    = {Kirk, Donald E},
  publisher = {Courier Corporation},
  title     = {Optimal control theory: an introduction},
  year      = {2004},
}

@Book{kamien2012dynamic,
  author    = {Kamien, Morton I and Schwartz, Nancy Lou},
  publisher = {Courier Corporation},
  title     = {Dynamic optimization: the calculus of variations and optimal control in economics and management},
  year      = {2012},
}

@Misc{underactuatedCourse2020,
  author       = {Russ Tedrake},
  howpublished = {http://underactuated.mit.edu/},
  note         = {Accessed: 2020-06-01},
  title        = {Underactuated Robotics: Algorithms for Walking, Running, Swimming, Flying, and Manipulation (Course Notes for MIT 6.832)},
}

@Book{nocedal2006numerical,
  author    = {Nocedal, Jorge and Wright, Stephen},
  publisher = {Springer Science \& Business Media},
  title     = {Numerical optimization},
  year      = {2006},
}

@Article{grippo1986nonmonotone,
  author    = {Grippo, Luigi and Lampariello, Francesco and Lucidi, Stephano},
  journal   = {SIAM Journal on Numerical Analysis},
  title     = {A nonmonotone line search technique for Newtonâ€™s method},
  year      = {1986},
  number    = {4},
  pages     = {707--716},
  volume    = {23},
  publisher = {SIAM},
}

@TechReport{liao1992advantages,
  author      = {Liao, Li-zhi and Shoemaker, Christine A},
  institution = {Cornell University},
  title       = {Advantages of differential dynamic programming over Newton's method for discrete-time optimal control problems},
  year        = {1992},
}

@Article{liao1991convergence,
  author    = {Liao, L-Z and Shoemaker, Christine A},
  journal   = {IEEE Transactions on Automatic Control},
  title     = {Convergence in unconstrained discrete-time differential dynamic programming},
  year      = {1991},
  number    = {6},
  pages     = {692--706},
  volume    = {36},
  publisher = {IEEE},
}

@InCollection{toussaint2017tutorial,
  author    = {Toussaint, Marc},
  booktitle = {Geometric and numerical foundations of movements},
  publisher = {Springer},
  title     = {A tutorial on Newton methods for constrained trajectory optimization and relations to SLAM, Gaussian Process smoothing, optimal control, and probabilistic inference},
  year      = {2017},
  pages     = {361--392},
}

@Book{buhlmann2011statistics,
  author    = {B{\"u}hlmann, Peter and Van De Geer, Sara},
  publisher = {Springer Science \& Business Media},
  title     = {Statistics for high-dimensional data: methods, theory and applications},
  year      = {2011},
}

@Article{udwadia1992new,
  author    = {Udwadia, Firdaus E and Kalaba, Robert E},
  journal   = {Proceedings of the Royal Society of London. Series A: Mathematical and Physical Sciences},
  title     = {A new perspective on constrained motion},
  year      = {1992},
  number    = {1906},
  pages     = {407--410},
  volume    = {439},
  publisher = {The Royal Society London},
}

@Article{saab2013dynamic,
  author    = {Saab, Layale and Ramos, Oscar E and Keith, Fran{\c{c}}ois and Mansard, Nicolas and Soueres, Philippe and Fourquet, Jean-Yves},
  journal   = {IEEE Transactions on Robotics},
  title     = {Dynamic whole-body motion generation under rigid contacts and other unilateral constraints},
  year      = {2013},
  number    = {2},
  pages     = {346--362},
  volume    = {29},
  publisher = {IEEE},
}

@Comment{jabref-meta: databaseType:bibtex;}

% Encoding: UTF-8
